% This file was created with JabRef 2.10b2.
% Encoding: UTF-8


@Article{Bouckaert2014,
  Title                    = {BEAST 2: A Software Platform for Bayesian Evolutionary Analysis},
  Author                   = {Remco Bouckaert and Joseph Heled and Denise Kühnert and Tim Vaughan and Chieh-Hsi Wu and Dong Xie and Marc A. Suchard and Andrew Rambaut and Alexei J. Drummond},
  Journal                  = {PLoS Computational Biology},
  Year                     = {2014},
  Number                   = {4},
  Volume                   = {10},

  Owner                    = {luke},
  Timestamp                = {2016.01.22}
}

@Article{Bouckaert2012,
  Title                    = {Mapping the origins and expansion of the Indo-European language family.},
  Author                   = {Bouckaert, R. and Lemey, P. and Dunn, M. and Greenhill, S. J. and Alekseyenko, A. V. and Drummond, A. J. and Gray, R. D. and Suchard, M. A. and Atkinson, Q.},
  Journal                  = {Science},
  Year                     = {2012},
  Number                   = {6097},
  Pages                    = {957–960},
  Volume                   = {337},

  Owner                    = {luke},
  Timestamp                = {2016.02.12}
}

@Article{Drummond2006,
  Title                    = {Relaxed Phylogenetics and Dating with Confidence},
  Author                   = {Drummond, A. J. and Ho, S. Y. W. and Phillips, M. J. and Rambaut, A.},
  Journal                  = {PloS Biology},
  Year                     = {2006},
  Number                   = {5},
  Volume                   = {4},

  Owner                    = {luke},
  Timestamp                = {2016.01.22}
}

@Article{Drummond2012,
  Title                    = {Bayesian phylogenetics with BEAUti and the BEAST 1.7},
  Author                   = {Drummond, A. J. and Suchard, M. A. and Xie, D. and Rambaut, A.},
  Journal                  = {Molecular Biology And Evolution},
  Year                     = {2012},
  Pages                    = {1969-1973},
  Volume                   = {29},

  Owner                    = {luke},
  Timestamp                = {2016.01.22}
}

@Electronic{Dryer2013,
  Title                    = {The World Atlas of Language Structures Online},
  Author                   = {Dryer, Matthew S. and Haspelmath, Martin},
  Language                 = {Leipzig},
  Organization             = {Max Planck Institute for Evolutionary Anthropology},
  Url                      = {http://wals.info},
  Year                     = {2013},

  Owner                    = {luke},
  Timestamp                = {2016.01.22}
}

@Article{Dunn2011,
  Title                    = {Evolved structure of language shows lineage-specific trends in word-order universals},
  Author                   = {Dunn, M. and Greenhill, S. J. and Levinson, S. C. and Gray, R.},
  Journal                  = {Nature},
  Year                     = {2011},
  Pages                    = {79–82},
  Volume                   = {473},

  Owner                    = {luke},
  Timestamp                = {2016.02.12}
}

@Article{Gray2003,
  Title                    = {Language-tree divergence times support the Anatolian theory of Indo-European origin},
  Author                   = {Gray, R. D. and AtAtkinson, Q. D.},
  Journal                  = {Nature},
  Year                     = {2003},
  Pages                    = {435-439},
  Volume                   = {426},

  Owner                    = {luke},
  Timestamp                = {2016.02.12}
}

@Article{Gray2009,
  Title                    = {Language Phylogenies Reveal Expansion Pulses and Pauses in Pacific Settlement},
  Author                   = {Gray, R. D. and Drummond, A. J. and Greenhill, S. J.},
  Journal                  = {Science},
  Year                     = {2009},
  Number                   = {5913},
  Pages                    = {479-483},
  Volume                   = {323},

  Owner                    = {luke},
  Timestamp                = {2016.02.12}
}

@Article{Greenhill2010,
  Title                    = {The shape and tempo of language evolution},
  Author                   = {S. J. Greenhill and Q. D. Atkinson and A. Meade and R. D. Gray},
  Journal                  = {Proceedings of the Royal Society of London B: Biological Sciences},
  Year                     = {2010},
  Number                   = {1693},
  Pages                    = {2443-2450},
  Volume                   = {277},

  Owner                    = {luke},
  Timestamp                = {2016.02.13}
}

@Article{Huelsenbeck2001,
  Title                    = {MRBAYES: Bayesian inference of phylogeny},
  Author                   = {Huelsenbeck, J. P. and F. Ronquist},
  Journal                  = {Bioinformatics},
  Year                     = {2001},
  Pages                    = {754-755},
  Volume                   = {17},

  Owner                    = {luke},
  Timestamp                = {2016.01.22}
}

@Article{Lewis2001,
  Title                    = {A likelihood approach to estimating phylogeny from discrete morphological character data},
  Author                   = {Lewis, Paul O.},
  Journal                  = {Systematic biology},
  Year                     = {2001},
  Number                   = {6},
  Pages                    = {913-925},
  Volume                   = {50},

  Owner                    = {luke},
  Timestamp                = {2016.01.22}
}

@Electronic{Muysken2014,
  Title                    = {South American Indigenous Language Structures (SAILS) Online},

  Address                  = {Leipzig},
  Author                   = {Pieter Muysken and Harald Hammarström and Olga Krasnoukhova and Neele Müller and Joshua Birchall and Simon van de Kerke and Loretta O'Connor and Swintha Danielsen and Rik van Gijn and George Saad},
  Organization             = {Max Planck Institute for Evolutionary Anthropology},
  Url                      = {http://sails.clld.org},
  Year                     = {2014},

  Owner                    = {luke},
  Timestamp                = {2016.01.22}
}

@InBook{Nicholls2006,
  Title                    = {Phylogenetic methods and the prehistory of languages},
  Author                   = {Nicholls, G. K. and Gray, R. D.},
  Chapter                  = {Quantifying uncertainty in a stochastic model of vocabulary evolution},
  Pages                    = {161-171},
  Year                     = {2006},

  Journal                  = {Phylogenetic methods and the prehistory of languages pp. 161– 171.},
  Owner                    = {luke},
  Timestamp                = {2016.01.22}
}

@Article{Pagel2007,
  Title                    = {Frequency of word-use predicts rates of lexical evolution throughout Indo-European history},
  Author                   = {Mark Pagel and Quentin D. Atkinson and Andrew Meade},
  Journal                  = {Nature},
  Year                     = {2007},
  Pages                    = {717-720},
  Volume                   = {449},

  Owner                    = {luke},
  Timestamp                = {2016.02.13}
}

@Article{Penny2001,
  Title                    = {Mathematical elegance with biochemical realism: the covarion model of molecular evolution},
  Author                   = {Penny, D. and McComish, B. J. and Charleston, M. A. and Hendy, M. D.},
  Journal                  = {Journal of Molecular Evolution},
  Year                     = {2001},
  Number                   = {6},
  Pages                    = {711–723},
  Volume                   = {53},

  Owner                    = {luke},
  Timestamp                = {2016.01.22}
}

@Article{Ronquist2003,
  Title                    = {MRBAYES 3: Bayesian phylogenetic inference under mixed models},
  Author                   = {Ronquist, F. and J. P. Huelsenbeck},
  Journal                  = {Bioinformatics},
  Year                     = {2003},
  Pages                    = {1572-1574},
  Volume                   = {19},

  Owner                    = {luke},
  Timestamp                = {2016.01.22}
}

